2002 2769
192 133 256 174 IV

202 248 263 287 tia
295 259 315 285 a
345 241 566 308 plerisqpe
600 236 794 281 sordibus
820 247 1071 297 purgatam.
1116 238 1471 285 inconsideratius
1500 242 1780 289 sollicitatum

203 310 331 349 irent.
405 303 576 344 Faciam
613 311 757 342 autem
792 299 877 342 hoc
912 299 991 352 fic,
1029 309 1103 352 ut,
1141 304 1346 358 quoniam
1374 313 1461 346 tres
1481 304 1573 347 illas
1599 305 1782 363 regulas,

204 382 307 425 quas
336 361 627 405 Thiersehius
660 362 907 420 proposuit,
943 377 1084 420 neque
1114 362 1348 420 explicatas
1377 365 1426 407 ab
1460 380 1510 408 eo
1533 366 1681 417 video,
1711 384 1781 411 ne-

205 442 288 486 que
315 425 365 467 ab
400 424 522 466 omni
549 432 672 482 parte
703 438 823 465 veras
856 421 938 466 effe
967 433 1100 483 puto,
1135 425 1279 482 primo
1308 439 1483 477 omnem
1518 427 1636 471 illam
1656 432 1786 473 ratio·

204 503 304 531 nem
332 484 709 528 constructionum
738 488 1051 542 temporalium
1081 488 1125 527 in
1144 495 1288 543 partes
1313 489 1516 543 quasdam
1537 489 1786 542 describam,

205 549 360 594 deinde
379 556 528 590 autem
553 546 604 602 do
627 545 803 604 singulis
821 547 1045 606 partibus,
1080 556 1291 605 quantum
1315 548 1493 606 quidem
1518 552 1567 594 in'
1585 551 1665 595 hac
1691 551 1790 597 scri-⁴

203 614 410 670 ptionum
443 610 803 652 Academicarum
833 609 1048 652 brevitate
1069 611 1192 661 licet,
1222 610 1358 652 dicam
1385 613 1668 669 explicatius,
1700 629 1787 657 non

203 687 292 733 quo
314 685 426 715 nova
448 671 670 731 proferam
686 704 695 722 ,
727 671 797 715 sed
818 680 867 714 ut
889 670 1065 724 faciam,
1099 680 1199 715 nota
1218 684 1270 714 ne
1291 673 1412 716 novis
1431 671 1731 719 obscurentur.

330 740 393 777 Ac
424 736 618 793 primum
653 735 828 791 quidem
853 735 1091 777 tenendum
1113 733 1193 785 est,
1225 734 1596 786 constructiones,
1631 736 1789 794 quibus

207 807 411 855 tempora
442 806 676 847 notantur,
719 810 804 838 non
839 795 932 838 aliis
962 797 1180 840 contineri
1200 796 1382 853 regulis,
1425 811 1554 855 quam
1579 797 1673 841 ilias
1691 812 1791 841 con·

207 859 492 908 structiones,
529 873 638 916 quae
661 856 806 900 cauffis
830 858 897 899 vel
937 857 1095 900 finibus
1115 857 1402 914 significandis
1424 857 1677 914 inserviunt.
1742 859 1790 902 Id

208 922 353 973 enim,
393 935 442 961 ex
480 935 568 977 quo
595 917 929 961 constructionis
959 920 1072 961 ratio
1104 919 1287 977 pendet,
1336 936 1568 964 commune
1608 920 1795 964 habent}

206 983 506 1025 conditionem
531 982 641 1023 dico.
704 978 774 1022 Est
795 990 940 1022 autem
964 982 1105 1022 omnis
1130 982 1326 1024 conditio
1347 983 1469 1034 talis,
1506 993 1555 1025 ut
1585 993 1661 1026 aut
1690 998 1791 1026 vere

209 1042 292 1087 esse
322 1043 487 1101 aliquid
522 1044 590 1085 vel
623 1057 710 1084 non
743 1040 849 1092 esse,
900 1051 980 1090 aut,
1003 1040 1120 1101 poffe
1153 1041 1235 1085 effe
1264 1044 1444 1088 dicatur.
1511 1049 1611 1088 Hoc
1630 1044 1791 1104 postre-

208 1120 331 1148 mum
351 1105 497 1147 rursus
519 1104 678 1162 duplex
701 1101 783 1145 est:
814 1117 912 1145 nam
930 1117 1041 1161 quae
1062 1102 1238 1162 possunt
1259 1104 1354 1155 effe,
1379 1122 1442 1156 ea,
1462 1106 1490 1149 fi
1510 1099 1795 1164 philosopho·¹

212 1182 312 1211 rum
335 1181 456 1209 more
476 1166 599 1224 loqui
622 1165 750 1215 licet,
783 1173 859 1207 aut
877 1163 1094 1207 obiective
1119 1164 1325 1224 poffi‘bilia
1346 1167 1466 1215 sunt,
1500 1166 1795 1210 aut-subiecti-

212 1245 286 1278 ve,
317 1230 344 1270 i.
369 1243 404 1269 e.
428 1237 478 1268 ut
496 1227 545 1269 ad
566 1241 845 1268 communem
873 1236 1049 1283 captum
1076 1226 1206 1269 verba
1233 1230 1578 1278 accommodem,
1612 1238 1688 1270 aut
1715 1242 1792 1269 nos

213 1289 427 1333 nescimus
449 1298 598 1331 utrum
619 1286 716 1339 fint,
738 1303 886 1339 necne,
916 1287 1102 1346 ideoque
1123 1287 1375 1333 dubitanter
1390 1290 1630 1348 loquimur,
1656 1303 1793 1347 quum

215 1353 290 1396 illa
308 1361 454 1394 tamen
474 1366 521 1394 re
535 1365 635 1393 vera
655 1348 831 1401 velfint‚
853 1350 1018 1393 velnon
1036 1349 1245 1403 fint52ut,
1270 1362 1419 1395 utrum
1443 1351 1686 1404 fintnecne‚
1706 1365 1794 1393 non

215 1416 490 1472 quaerimus,
532 1412 601 1455 sed
633 1410 837 1468 fingimus
870 1410 974 1463 esse,
1012 1414 1143 1455 etiam
1172 1411 1199 1454 fi
1226 1428 1312 1455 non
1339 1413 1449 1466 fiat,
1483 1415 1554 1457 vel
1576 1428 1666 1456 non
1696 1411 1794 1463 effe,

213 1478 344 1518 etiam
373 1473 402 1516 fi
431 1472 527 1515 fint.
592 1476 677 1514 His
709 1473 953 1512 rationibus
982 1473 1225 1514 indicandis
1245 1475 1413 1518 inven‘ti
1437 1476 1533 1525 sunt
1550 1475 1699 1525 modi,
1731 1476 1795 1517 in*

213 1536 447 1583 dieativus,
476 1532 808 1580 coniunctivus‚
842 1533 1073 1589 optativus.
1136 1532 1189 1574 El
1205 1529 1446 1588 γενήσεται,
1481 1534 1509 1574 fi
1534 1522 1643 1584 effi,
1677 1534 1794 1590 quod

213 1599 414 1640 futurum
435 1592 517 1645 est3
550 1595 587 1636 εἰ
603 1590 787 1650 γένηται,
822 1591 850 1634 fi
879 1592 1030 1643 fuerit,
1061 1594 1176 1650 quod
1194 1609 1246 1635 an
1268 1606 1530 1637 eventurum
1552 1593 1620 1645 fit,
1643 1609 1794 1646 necne,

210 1658 448 1708 nescimus3
493 1657 530 1699 εἰ
556 1654 735 1713 γένοιτο,
778 1652 806 1696 fi
837 1653 935 1704 fiat,
979 1655 1095 1712 quod
1129 1653 1334 1711 fingimus
1364 1655 1480 1707 fieri,
1510 1657 1622 1699 nihil
1641 1672 1793 1699 curan·

214 1731 301 1771 κε’,
332 1719 593 1762 futurumne
614 1716 687 1767 (ἰν,
721 1732 773 1758 an
796 1716 910 1758 forte
929 1732 983 1758 ne
1005 1715 1130 1775 poffit
1152 1718 1340 1775 quidem·
1361 1717 1475 1761 fieri.
1543 1719 1634 1761 Sed
1655 1733 1792 1775 quan·

212 1784 372 1825 tumvis
392 1781 520 1841 plana
541 1779 591 1822 fit
610 1780 716 1821 haec
745 1779 975 1821 modorum
1005 1777 1248 1831 distinctio,
1292 1790 1437 1823 tamen
1470 1778 1627 1822 u‘su'fit
1657 1782 1790 1839 impe-

214 1844 425 1894 ainaim,
454 1852 499 1886 et
519 1843 698 1900 quidem
717 1850 903 1899 propter
923 1841 1055 1898 ipsam
1075 1843 1347 1885 coniunctivi
1366 1845 1642 1901 optativique
1665 1853 1791 1884 natu-

213 1921 316 1949 ram.
397 1907 516 1948 Nam
545 1904 854 1946 coniunctivus
888 1910 1025 1959 quum
1063 1917 1110 1944 ea
1149 1912 1294 1954 notet,
1345 1918 1454 1962 quae
1491 1919 1567 1946 nos
1605 1912 1790 1954 tantum,

214 1968 349 2011 fintne
370 1984 420 2011 an
446 1983 532 2010 non
555 1965 661 2016 fint,
696 1964 930 2014 nescimus,
974 1962 1206 2007 necessario
1236 1981 1411 2018 omnes,
1444 1982 1553 2024 quae
1582 1980 1662 2024 per
1689 1981 1790 2008 eum

215 2031 390 2072 modum
422 2031 674 2072 indicantur
701 2027 1000 2078 conditiones,
1060 2029 1103 2068 in
1143 2027 1344 2070 futurum
1382 2039 1556 2087 tempus
1583 2029 1790 2070 coniicit:

214 2093 313 2150 quia
345 2090 505 2134 etiamfi
533 2090 638 2149 quid
668 2105 717 2132 ex
749 2104 800 2132 eo
832 2090 1014 2148 pedet,
1054 2100 1104 2131 ut
1135 2090 1297 2147 aliquid
1329 2092 1411 2133 iam
1446 2092 1586 2134 multo
1615 2099 1713 2133 ante
1736 2090 1791 2132 fa-

216 2164 332 2195 ctum
352 2153 427 2204 iit,
465 2163 634 2201 tamen,
663 2166 800 2209 quum
823 2167 921 2201 nos,
955 2152 1058 2194 dum
1090 2153 1372 2195 coniunctivo
1401 2155 1594 2204 utimur,
1638 2161 1791 2196 utrum

217 2216 262 2257 id
294 2213 344 2256 fit
366 2215 525 2258 factu-m
548 2215 711 2264 necne,'
742 2213 935 2256 nondum
965 2214 1144 2256 sciamus
1158 2228 1180 2264 ,·
1201 2224 1294 2257 tota
1323 2231 1388 2258 res
1426 2218 1469 2259 in
1502 2232 1553 2259 eo
1583 2215 1791 2267 versatum·

217 2275 268 2318 n't
287 2277 463 2331 cognito
484 2277 679 2326 demum,
715 2275 822 2332 quid
843 2277 904 2317 rei
926 2274 996 2325 fit,
1029 2278 1224 2319 conditio
1250 2279 1511 2335 impleatur:
1549 2280 1662 2321 unde
1691 2292 1791 2318 con-

215 2338 415 2381 iunctivo
447 2336 631 2379 adhaefit
662 2338 724 2379 vis
752 2337 895 2379 futuri
926 2339 1082 2381 exacti.
1145 2340 1240 2382 Alia
1262 2342 1375 2382 ratio
1397 2338 1454 2381 est
1475 2340 1680 2399 optativi,
1714 2339 1792 2394 qui

1654 2415 1791 2460 quum
