2002 2769
195 153 260 193 V·1

200 263 312 311 sunt,
342 258 550 303 sumimus
572 252 668 305 esse,
699 254 823 296 cuius
847 254 1052 313 proprius
1072 251 1130 295 est
1149 256 1383 311 optativus.
1434 258 1540 299 «Iam
1560 252 1779 315 his‘quar.

202 334 246 368 ta
277 321 460 367 accedit,
509 331 618 373 quae
648 315 707 358 est
745 330 923 368 eorum,
967 331 1074 374 quae
1104 314 1158 358 fic
1187 315 1395 361 sumimus
1425 316 1531 369 effe,
1566 329 1616 360 ut
1653 318 1779 365 simul

203 400 289 428 non
325 380 404 423 esse
434 377 741 421 confiteamur.
807 382 855 420 ln
888 393 969 436 qua
1002 380 1206 436 quoniam
1236 379 1342 428 hoc,
1385 395 1469 423 non
1490 378 1571 422 effe
1595 373 1779 438 aliquid,

200 456 368 489 certum
390 438 471 483 est:
509 440 673 498 placuit
688 442 873 484 Graecis
898 441 1027 484 modo
1048 442 1112 483 uti
1134 455 1207 490 eo,
1236 455 1322 498 quo
1345 439 1470 497 simul
1491 452 1535 486 et
1558 458 1624 486 res
1647 454 1780 496 certa,

202 518 245 550 et
266 521 374 564 quae
396 519 480 546 non
501 501 572 554 est,
607 502 890 553 indicaretur,
928 503 970 546 id
991 501 1048 545 est
1071 503 1301 546 indicativo
1322 507 1676 562 praeteritorum,
1712 520 1781 547 ex·

201 578 353 626 cepto,
384 576 432 608 ut
458 580 534 622 par
554 574 671 615 erat,
713 564 931 622 perfector,
974 566 1090 622 quod
1122 567 1164 607 in
1192 565 1275 606 hoc
1301 569 1547 622 praesentis,
1575 566 1780 623 fignifica-

197 632 265 673 tio
295 628 581 686 reperiretur.
670 629 822 683 Itaque
850 626 966 683 quod
1003 629 1169 676 Latini,
1210 627 1253 686 st
1294 627 1361 667 lzoc
1391 626 1485 684 effet
1526 629 1590 670 vel
1631 628 1781 688 futffitt,

200 692 359 735 Graeci
398 703 477 745 per
518 688 805 731 indicativum
850 688 1102 745 imperfecti
1147 689 1215 731 vel
1255 687 1675 746 plusquamperfecti
1712 691 1785 735 vel

199 749 342 796 aoristi
371 750 537 792 dicunt.

325 813 410 855 His
430 808 582 868 positis
604 809 717 867 quafi
743 810 1068 863 fundamentis,
1109 812 1343 854 sententias
1373 812 1634 869 temporales
1660 827 1783 854 accu-

196 875 334 919 vatius
355 870 687 919 consideremus.
752 871 821 914 Est
848 882 993 914 autem
1026 888 1174 915 earum
1206 875 1426 929 aliquanto
1447 868 1596 914 'maior
1628 889 1782 915 nurne-

196 952 298 985 ως,
332 949 460 995 quam
481 933 616 976 visum
650 931 708 976 est
728 933 1007 978 Thierschio.
1068 935 1185 984 Quid
1220 936 1360 982 enim,
1401 949 1503 977 num
1522 931 1675 995 ὅφξοι,4
1697 933 1785 987 ἕως.

196 997 342 1051 aheim,
392 997 482 1057 πρίν
517 1011 602 1037 non
633 997 731 1038 sunt
769 997 1010 1054 ¹particula-e
1049 997 1342 1055 temporales?
1386 985 1509 1045 ‘Quin
1540 997 1654 1039 haud
1684 990 1783 1040 rats>

203 1064 336 1105 etiam
361 1060 622 1118 pronomina
645 1057 701 1101 sic
733 1059 1022 1117 usurpantur,
1078 1069 1127 1103 ut
1159 1059 1350 1117 apertius
1381 1060 1541 1104 tectius
1571 1060 1783 1119 temporis

199 1124 473 1167 notationem
504 1123 770 1164 contineant.
837 1123 983 1170 Quare
1009 1136 1068 1162 ne
1100 1122 1207 1163 ‘haec
1236 1124 1411 1177 quidem
1440 1121 1614 1179 prorsus
1641 1123 1783 1178 negli-

200 1185 340 1242 genda
361 1194 576 1242 putamus.
639 1185 945 1241 Omninoque,
990 1197 1126 1240 quum
1151 1198 1203 1224 ne
1231 1182 1426 1231 finalium
1449 1183 1626 1240 quidem
1649 1184 1780 1242 parti·

200 1247 403 1297 cularum
431 1245 511 1286 alia
529 1246 640 1285 ratio
671 1244 743 1293 fit,
786 1246 845 1286 ita
867 1242 1141 1293 differemus,
1187 1253 1235 1285 ut
1258 1247 1390 1299 magis
1414 1244 1465 1285 de
1490 1245 1618 1286 modo
1647 1244 1784 1297 verbi,

203 1318 339 1368 quam·
370 1316 523 1350 utrum
555 1308 589 1348 is
609 1320 719 1349 cum
755 1305 987 1365 temporali
1019 1320 1071 1348 an
1111 1303 1229 1347 finali
1265 1305 1479 1364 particula
1514 1307 1689 1350 iunctus
1719 1304 1783 1356 fit.

199 1383 474 1428 quaeramus,
1104 1379 1119 1395 ⁸
1655 1392 1659 1395 ·

331 1432 597 1490 Incipiamus
628 1439 772 1473 autem
811 1428 860 1473 ab
894 1429 1151 1481 indicativo,
1198 1444 1283 1487 quo
1315 1429 1527 1489 utendum
1561 1429 1665 1480 esse,
1707 1428 1784 1471 ubi

203 1492 258 1537 de
283 1508 329 1535 re
346 1502 470 1534 certa
502 1493 640 1533 sermo
660 1491 740 1538 est,
766 1491 853 1531 five
872 1508 919 1531 ea
948 1492 1062 1531 facta
1086 1491 1158 1540 fit,
1194 1491 1276 1532 five
1301 1491 1396 1540 fiat,
1435 1490 1518 1534 five
1550 1492 1697 1536 futura
1721 1489 1786 1544 fit,

199 1563 292 1599 tam
310 1563 513 1612 apertum
533 1549 614 1599 est,
643 1561 798 1591 utnon
828 1551 1020 1606 putarim
1052 1563 1259 1605 umquam
1287 1550 1542 1590 exstiturum
1564 1552 1668 1603 esse,
1708 1547 1787 1592 cui?

198 1616 253 1658 de
280 1630 331 1655 eo
361 1613 648 1654 dubitandum
678 1612 914 1652 videretur.
981 1613 1080 1660 Quo
1109 1612 1241 1665 magis
1272 1613 1454 1652 miratus
1489 1611 1601 1663 sum,
1645 1627 1783 1671 quum

196 1674 533 1724 Thierschium,
569 1675 612 1715 in
634 1674 774 1731 prima
796 1672 990 1722 illarum,
1032 1686 1135 1729 quas
1157 1671 1323 1730 posuit,
1364 1672 1636 1728 regularum,
1671 1675 1781 1716 indi-

197 1740 328 1781 cativi
361 1737 482 1778 usum
514 1736 563 1777 ad
597 1735 700 1778 solas
732 1750 798 1775 res
832 1736 1088 1791 praeteritas
1123 1734 1212 1776 vidi
1253 1733 1526 1790 restringere.
1591 1734 1782 1779 Difficile

198 1800 398 1859 profecto
420 1797 483 1845 fit,
520 1799 735 1838 rationem
758 1795 825 1836 vel
848 1797 1036 1851 aliquam
1060 1796 1191 1837 huius
1212 1797 1275 1837 rei
1297 1797 1554 1852 excogitare.
1617 1798 1696 1839 Sed
1719 1800 1782 1838 ni-

199 1864 363 1904 mirum
398 1859 606 1916 exemp-lis
635 1857 710 1900 ille
741 1872 833 1899 rem
866 1854 1082 1899 conficere
1112 1857 1268 1900 voluit.
1331 1859 1536 1907 Quorum
1554 1872 1692 1915 quum
1720 1858 1780 1901 sat

197 1925 336 1967 multa
358 1923 402 1963 in
425 1920 553 1962 rebus
581 1920 854 1977 praeteritis,
900 1934 1035 1975 pauca
1056 1929 1200 1960 autem
1232 1921 1274 1960 in
1298 1919 1461 1963 futuris
1482 1920 1549 1962 vel
1580 1935 1780 1978 praesen-

196 1985 314 2030 tibus
344 1982 503 2027 versari
540 1982 731 2033 videret,
785 1980 889 2023 haec
918 1980 1171 2039 explicando
1202 1980 1269 2023 vel
1307 1981 1516 2024 mutando
1555 1996 1780 2025 removere

194 2046 372 2090 studuit.
434 2045 669 2086 Videamus
702 2058 819 2084 vero.
885 2041 1028 2099 Odyss‘.
1050 2058 1090 2085 σ.
1120 2057 1219 2098 272.
1242 2041 1312 2102 νύξ
1338 2040 1500 2094 δ’ἔςαι,
1541 2043 1608 2088 ὅτε
1639 2041 1684 2093 δὴ
1713 2057 1780 2089 sw-

194 2107 312 2171 Ύεξός
331 2105 468 2168 ’γάμος
486 2104 755 2161 ἀντιβολήσει
774 2101 970 2162 ἑλομένης
990 2100 1150 2161 ἐμέθεν.
1210 2108 1357 2165 Negat
1371 2106 1659 2151 Thierschius
1677 2121 1719 2167 p.
1743 2121 1782 2163 7.

199 2171 459 2231 particulam
483 2172 553 2211 hic
567 2171 856 2227 temporalem
877 2168 972 2219 ess'e,
993 2169 1062 2210 sed
1085 2167 1263 2226 politam
1285 2171 1378 2212 vult
1390 2186 1470 2228 pro
1492 2171 1674 2213 relativo
1696 2168 1783 2230 ἕνῇ,

199 2233 317 2291 quod
332 2232 531 2289 equidem
545 2248 632 2276 non
647 2231 771 2275 video
782 2231 1007 2289 quomodo
1021 2246 1042 2272 a
1055 2231 1287 2289 temporali
1313 2228 1624 2288 fignificatione
1633 2232 1780 2276 diver-

198 2295 292 2338 sum
304 2292 368 2338 fit.
386 2295 505 2342 Quin
518 2310 658 2343 nemo,
673 2295 846 2352 opinor,
863 2294 1257 2351 reperietur,quin,
1273 2292 1298 2335 si
1313 2296 1408 2349 quis
1423 2305 1613 2352 quaerat,
1627 2305 1778 2338 utrum

196 2357 362 2400 rectius
375 2353 541 2399 dictum
551 2354 615 2408 fit,
633 2357 732 2408 boet
755 2371 806 2400 an
821 2355 944 2410 illud,
966 2350 1133 2401 ἔσσεται
1146 2350 1270 2416 ἧμας,
1281 2353 1399 2410 ὅτ’ρῖν
1411 2352 1504 2401 ,ποτ’
1515 2354 1797 2418 ὁλῶᾸῃἼλιος-

1701 2420 1780 2483 igni,
