2002 2769
286 104 307 107 ,γ
320 103 418 108 η--Ἀ-
441 90 1567 110 -».-...*-Μ-ιν----
1579 100 1609 105 --
1623 101 1679 105 ..μω

1104 519 1131 544 ο

198 509 460 600 Homerus
482 549 845 610 quemadmodum
867 547 1104 593 facillimus
1126 546 1183 591 est
1209 549 1262 593 ad
1293 550 1628 607 intelligendum
1660 553 1776 596 inter

199 613 432 672 scriptores
462 616 672 664 Graecos,
712 615 772 654 ita
800 605 917 653 'idem
948 613 1043 653 iure
1075 611 1260 652 habetur
1294 611 1592 654 difficiliimus.
1657 620 1776 657 Nam

200 672 229 719 fi
261 677 357 732 quis
388 677 432 719 in
466 675 713 718 universum
742 682 943 732 quaerat,
999 688 1108 731 quae
1131 687 1308 730 quoque
1338 674 1382 715 in
1415 673 1509 716 loco
1532 675 1622 716 eius
1655 690 1775 718 mens

199 733 271 786 fit,
306 736 416 779 nihil
439 738 514 780 iilo
536 736 795 796 simpli-cim,
829 735 942 777 nihil
962 735 1133 793 planius
1160 733 1265 790 fingi
1286 733 1445 793 potest;
1484 735 1543 776 fin
1575 752 1677 778 vero
1709 753 1774 779 ac-

199 801 392 841 curatius
423 797 583 856 singula
617 795 902 858 pervestiget,
955 811 1098 856 neque
1124 811 1228 839 eum
1262 806 1426 839 temere
1454 807 1532 839 aut
1553 813 1676 840 voces
1697 813 1773 857 po·

199 874 303 902 nere
323 861 433 904 nihil
457 860 766 917 significantes,
805 868 881 902 aut
912 858 1146 902 verborum
1184 868 1381 917 tempora
1409 857 1646 917 modosque
1667 876 1773 903 con·

195 921 378 964 fundere
399 922 629 972 existimet,
664 933 753 965 tam
774 924 888 964 varia
907 919 988 972 est,
1029 930 1206 978 tamque
1239 922 1460 978 implicata
1492 924 1584 963 eius
1614 926 1771 975 oratio,

196 995 248 1025 ut
270 985 337 1025 vix
358 986 535 1027 initium
558 983 833 1042 inquirendi,
864 983 1026 1026 nedum
1046 981 1176 1025 finem
1207 984 1413 1026 invenias.
1474 986 1572 1026 Nec
1592 986 1771 1028 mirum.

197 1047 347 1089 Sermo
381 1049 496 1089 enim
528 1047 730 1097 liberior,
775 1060 855 1087 nec
882 1046 985 1087 dum
1005 1039 1092 1087 'aut
1123 1045 1226 1086 artis
1244 1044 1500 1101 quibusdam
1524 1048 1769 1104 praeceptis

193 1105 428 1158 formatus,
471 1120 569 1158 aut,
608 1117 657 1149 ut
687 1104 829 1165 postea
853 1107 1040 1160 factum,
1076 1106 1155 1148 usu
1186 1106 1272 1147 huc
1302 1107 1369 1147 vel
1400 1107 1505 1148 illuc
1529 1108 1767 1150 inclinante

193 1167 451 1212 constrictus
480 1179 834 1226 coarctatusque,
877 1169 1087 1228 plurimas
1121 1167 1251 1210 habet
1284 1178 1329 1210 et
1359 1183 1569 1226 perquam
1590 1168 1768 1213 subtiles

195 1232 429 1273 notionum
449 1232 898 1288 enunciationumque
923 1231 1140 1295 rationes:
1171 1244 1274 1288 quas
1306 1231 1483 1288 quidem
1512 1230 1769 1287 cognoviffe,

195 1302 402 1348 recteque
426 1293 670 1352 perspectas
691 1292 874 1346 habere,
914 1302 1037 1335 tanto
1060 1293 1193 1348 magis
1221 1290 1502 1343 necessarium
1529 1292 1607 1344 est,
1652 1294 1771 1352 quod

193 1354 335 1396 omnis
356 1356 653 1397 recentiorum
676 1354 814 1398 sermo
834 1369 883 1395 ex
902 1354 968 1396 his
987 1352 1102 1411 quali
1133 1352 1347 1395 radicibus
1369 1352 1578 1396 effloruit.
1609 1358 1769 1403 Quam-

193 1415 345 1458 obrem
366 1419 443 1474 qui
461 1418 784 1472 grammaticam
805 1418 1109 1461 Homericam,
1136 1430 1245 1468 quae
1275 1415 1460 1471 quidem·
1480 1426 1528 1458 et
1552 1416 1680 1472 piena
1703 1415 1767 1469 fit,

193 1484 238 1515 et
265 1477 492 1517 errofibus
519 1488 671 1522 vacua,
723 1473 993 1520 condiderit,
1043 1486 1144 1513 eum
1187 1474 1507 1529 propemodum
1544 1478 1765 1518 universae

191 1535 366 1590 linguae
387 1536 580 1578 Graecae
605 1543 804 1576 naturam
836 1534 1138 1590 rationemque
1159 1532 1406 1590 explicuisse
1433 1534 1628 1580 dixerim.
1704 1543 1765 1582 At

192 1597 404 1639 nimirum
432 1596 516 1637 hoc
547 1595 769 1653 aliquanto
802 1591 1022 1636 difficilius
1047 1592 1125 1644 est,
1179 1608 1308 1650 quam
1350 1595 1485 1638 visum
1527 1594 1585 1638 est
1612 1613 1763 1657 nuper

191 1658 359 1702 Frider.
387 1657 674 1707 Thierschio,
725 1657 821 1698 viro
860 1653 1111 1714 praestantis
1149 1655 1337 1711 ingenii,
1388 1658 1583 1716 mihique
1622 1663 1763 1705 veteri

187 1718 495 1763 neceffitudine
513 1715 871 1762 coniunctissimo.
937 1720 1079 1766 Quem
1101 1731 1237 1774 quum
1260 1718 1450 1761 viderem
1470 1721 1517 1762 in
1539 1723 1643 1764 actis
1665 1724 1763 1781 phi-

190 1783 439 1838 lologorum
464 1777 788 1826 Monacenfium
812 1779 863 1823 de
884 1778 1120 1823 verborum
1146 1779 1306 1833 modis,
1338 1780 1494 1839 quibus
1528 1785 1641 1842 apud
1671 1788 1763 1828 Ho-

189 1859 362 1885 merum
392 1854 590 1900 tempora
617 1852 670 1903 et»
705 1839 868 1882 cauffae
902 1856 1051 1883 rerum
1088 1842 1357 1892 indicantur,
1418 1846 1476 1886 ita
1518 1846 1764 1902 disputasse.

189 1914 263 1956 ut,
294 1906 487 1962 quamvis
520 1903 657 1947 multa
686 1911 811 1945 acute
848 1900 1091 1954 diss'ereret,
1133 1912 1277 1946 tamen
1305 1905 1349 1946 iu
1385 1905 1459 1955 iis,
1502 1921 1610 1963 quae
1645 1907 1761 1966 quaii

187 1967 468 2010 fundamenta
488 1966 585 2009 sunt
607 1966 736 2009 huius
768 1963 1046 2021 quaestioniS,
1077 1980 1099 2006 a
1130 1980 1256 2014 vero,
1297 1975 1346 2007 ut
1379 1981 1457 2022 ego
1486 1969 1665 2024 quidem
1696 1987 1762 2013 ar·

187 2027 352 2078 bitror,
404 2026 607 2069 nonnihil
636 2026 885 2068 recederet:
936 2040 1023 2067 non
1045 2026 1241 2095 alienum
1279 2023 1361 2067 esse
1389 2043 1411 2069 a
1439 2042 1622 2072 munere
1663 2046 1760 2074 meo

188 2088 435 2140 existimavi,
471 2103 645 2131 monere
670 2087 738 2130 vel
762 2086 1061 2137 adolescentes,
1089 2087 1163 2144 qui
1190 2087 1357 2130 litteras
1381 2090 1567 2133 Graecas
1589 2107 1759 2139 accura-

188 2151 279 2194 tius
297 2150 553 2208 cognoscere
573 2158 811 2207 cuperent‚
854 2149 922 2191 vel
952 2148 1054 2191 alios
1077 2150 1229 2208 etiam,
1262 2151 1339 2207 qui
1368 2152 1416 2193 ad
1445 2149 1763 2198 assentiendum

186 2214 415 2272 proniores
437 2206 591 2263 effen't,
624 2227 707 2261 ne,
734 2219 877 2253 tantae
902 2208 1170 2253 difficultatis
1188 2209 1483 2269 quaestionem
1514 2229 1596 2272 pro
1623 2232 1670 2260 re
1699 2219 1763 2260 iu-

191 2275 332 2331 dicata
349 2273 582 2327 habentes,
616 2275 856 2318 orationem
880 2283 1058 2332 poetae,
1094 2287 1235 2332 nuper
1257 2275 1414 2319 eximia
1441 2276 1590 2321 Wolfii
1619 2278 1763 2323 soller-

1005 2338 1043 2379 Α
1073 2349 1095 2379 2
1707 2345 1768 2387 tia
