2002 2769
1771 98 1813 139 V

231 232 366 285 quum
388 230 544 271 natura
564 219 659 270 sua,
697 217 863 277 pariter
881 223 1013 273 atque
1035 212 1315 264 indicativus,
1350 227 1436 256 nen
1467 210 1519 256 fit
1547 211 1805 269 cuiusquam

230 284 444 346 temporis
459 283 691 344 proprius,
725 279 960 337 usurpatur
981 276 1056 318 ille
1078 286 1222 319 tamen
1243 274 1447 332 singulari
1466 275 1653 332 quodam
1675 273 1806 315 modo

227 352 281 393 de
299 347 539 408 praeterito
558 354 770 402 tempore.
834 344 951 383 Nam
973 348 1044 392 ut,
1075 353 1184 395 quae
1207 339 1416 380 hactenus
1446 337 1561 379 dicta
1589 335 1716 385 sunt,
1751 334 1804 377 ad

225 409 459 455 sententias
498 404 760 465 temporales
796 399 1130 451 transferamus,
1183 400 1251 442 his
1293 409 1369 442 aut
1408 395 1526 441 certa
1556 413 1645 448 res,
1690 410 1802 454 quae

223 473 383 520 fuerit,
425 468 501 519 fit,
543 469 611 511 vel
639 468 788 510 futura
818 463 896 514 fit,
933 461 1179 518 designetur
1211 459 1375 504 neceffe
1407 459 1485 511 est,
1532 470 1605 510 ut,
1646 457 1713 501 ὅτε
1747 454 1804 506 ἤν,

221 532 290 580 ὅτε
314 530 415 585 ἔςιν,
448 529 514 576 ὅτε
542 528 655 581 {som
699 537 775 572 aut
805 528 995 577 incerta,
1039 538 1173 583 eaque
1205 523 1272 566 vel
1306 521 1382 574 fic,
1424 532 1475 565 ut
1502 536 1579 565 nos
1612 530 1800 568 tantum,

222 607 377 639 utrum
406 593 476 643 fit,
530 609 582 635 an
610 607 698 635 uon
737 589 810 640 fit,
863 591 1138 642 ignoremus:
1192 601 1300 642 quae
1338 585 1534 626 conditio
1572 598 1711 639 quum
1751 597 1803 622 ex

225 658 386 702 eventu
409 655 548 699 adhuc
570 649 867 711 cognoscendo
892 647 1088 708 suspensa
1108 644 1181 699 fit,
1214 645 1393 705 planum
1415 643 1496 694 est,
1530 643 1640 685 hanc
1665 651 1803 684 totam

224 722 438 763 rationem
462 733 547 759 non
568 715 645 759 nifi
675 717 723 757 ad
755 714 958 757 futurum
992 722 1164 768 tempus
1195 711 1432 767 pertinere.
1495 710 1609 750 Nam
1639 706 1680 748 id
1712 714 1806 746 tan·

223 784 341 831 tu'rn,
391 778 506 838 quod
544 777 739 821 nondum
769 774 932 817 factum
960 770 1042 822 est,
1093 767 1232 830 potest
1260 784 1310 812 ex
1346 769 1599 811 conditione
1634 769 1802 808 incerta

223 843 429 902 pendere.
493 839 621 890 Quod
644 848 790 882 autem
810 851 960 879 revera
979 834 1048 877 vel
1067 831 1141 883 fit,
1183 831 1251 875 vel
1274 832 1437 875 factum
1461 829 1540 880 est,
1584 830 1626 873 id
1658 827 1685 872 fi
1717 842 1801 885 qua

223 919 274 963 q
301 903 551 947 conditione
582 901 769 961 pendet,
817 913 865 940 ea
894 897 1087 939 conditio
1117 909 1202 937 non
1234 895 1318 936 iam
1356 895 1521 936 incerta
1541 890 1621 934 else
1644 887 1797 950 potest,

224 966 293 1009 sed
324 981 472 1008 revera
503 964 685 1022 impleta·
713 962 849 1004 fuerit
879 956 1042 1001 necess‘e
1071 954 1151 1006 est,
1201 958 1302 1014 quia
1334 956 1486 1004 aliter,
1527 953 1644 1012 quod
1667 968 1727 994 ‹ex
1748 966 1797 992 ea

222 1027 461 1087 pendebat,
495 1040 582 1069 non
609 1021 828 1067 evenisset.
895 1023 1042 1070 Quare
1072 1028 1191 1061 recte
1220 1018 1339 1060 dicas'
1364 1014 1530 1076 ξενίσω,
1568 1013 1690 1059 ὄπὲτε
1718 1014 1802 1061 ἵκῃ·

223 1095 318 1140 ταις
366 1088 454 1130 non
485 1097 629 1129 autem
657 1084 803 1144 Pollis,
844 1079 1030 1140 ἐξένισα,
1068 1076 1369 1129 &rhesum-aa.
1447 1078 1530 1121 Sed
1559 1079 1723 1135 poteris
1755 1076 1801 1114 in

224 1149 445 1208 praesenti
464 1156 689 1205 tempore,
723 1144 851 1187 modo
874 1158 929 1185 ne
948 1143 1000 1185 de
1024 1156 1099 1193 eo,
1132 1140 1248 1197 quod
1270 1154 1387 1182 nunc
1409 1139 1549 1197 ipsum
1572 1137 1670 1187 fiat,
1703 1135 1803 1188 (hoe

224 1213 532 1253 enimcertum
555 1206 632 1263 est)
665 1206 735 1249 secl
765 1208 816 1249 de
838 1219 914 1255 eo,
949 1203 1066 1261 quod
1091 1200 1370 1244 indefinitum
1403 1198 1483 1249 est,
1513 1201 1699 1256 ideoque
1729 1196 1804 1238 ali-

222 1286 308 1330 qua
335 1270 398 1314 sui
426 1278 549 1330 parte
579 1283 628 1312 ex
658 1283 709 1310 eo
741 1266 926 1327 pendet,
960 1263 1076 1324 quod
1107 1263 1252 1306 adhue
1277 1264 1503 1305 incertum·
1525 1259 1604 1305 est:
1639 1254 1713 1308 ui,
1747 1257 1809 1310 τῷ

221 1335 283 1379 νῦν
313 1335 376 1377 σοὶ
395 1331 474 1387 ,μὲν
504 1329 586 1388 ἐγώ
615 1329 732 1391 ξεῖνος
750 1329 875 1386 φίλος
894 1323 1042 1389 'Agyri'
1054 1323 1200 1382 μέσσῳ
1220 1327 1321 1381 εἰμί,
1352 1323 1407 1368 in)
1433 1318 1466 1368 δ’
1486 1321 1526 1369 ἐν
1552 1322 1705 1383 Λυκίῃ,
1734 1319 1804 1366 ὅτε

222 1413 288 1441 κεν
308 1396 385 1439 τῶν
407 1390 527 1451 δῆμον
548 1394 709 1450 ἵκωμαι,
740 1392 873 1451 hospes
880 1389 985 1446 fiam,
1006 1391 1049 1449 fi
1063 1391 1213 1447 quando
1233 1387 1324 1446 istuc
1343 1401 1492 1430 venero.
1559 1389 1649 1429 Iam
1675 1383 1805 1440 intel-

223 1460 412 1515 ligetur,
470 1471 549 1499 cur
590 1456 705 1499 idem
745 1455 790 1496 in
827 1451 1079 1507 praeteritis
1116 1465 1205 1504 per*
1234 1452 1477 1504 optativum
1518 1446 1804 1504 significatura·

222 1522 338 1562 Nam
368 1527 504 1572 quum
522 1512 862 1561 ·coniunctivus‚
910 1517 960 1550 ut
995 1509 1072 1566 qui
1114 1507 1257 1549 futuri
1295 1510 1521 1548 notionem
1564 1506 1808 1554 contineam·

222 1593 308 1622 non
329 1575 454 1636 poffit
475 1574 727 1634 praeteritis
748 1570 1087 1620 accommodari,
1104 1577 1333 1626 ‘apparet2
1359 1567 1388 1609 fi
1410 1569 1515 1624 quid
1539 1571 1583 1610 in
1605 1568 1671 1609 his
1703 1565 1800 1608 infi-

222 1641 367 1684 nitum
403 1635 485 1689 est,
532 1635 576 1678 id
605 1651 683 1695 per
713 1648 811 1676 eum
841 1629 1069 1688 significari
1114 1630 1288 1671 modum
1329 1627 1510 1678 debere,
1562 1643 1649 1686 quo
1693 1626 1799 1686 quid

223 1703 404 1745 omnino
422 1699 509 1742 fine
529 1698 737 1756 temporis
758 1696 980 1737 notatione
1005 1703 1053 1734 ut
1083 1693 1324 1742 incertum,
1358 1690 1531 1748 solaque
1561 1692 1606 1732 in
1631 1692 1798 1745 cogita-

224 1766 347 1807 tione
380 1761 567 1821 pofitum
600 1759 839 1801 iudicatur:
893 1757 925 1797 is
956 1748 1014 1796 est
1043 1763 1189 1795 autem
1222 1754 1453 1810 optativus.
1530 1753 1655 1795 Vnde
1690 1752 1800 1793 illud

226 1827 393 1869 dictum
424 1823 503 1873 est,
535 1817 724 1866 πολλάκι
749 1835 812 1876 μιν
837 1815 1047 1877 ξείνισσεν,
1088 1811 1210 1859 ὁπότε
1226 1811 1599 1874 Κξήτηθενῆοοιτο,
1640 1813 1802 1870 hospitio

224 1902 304 1931 eum
323 1888 492 1944 excepit,
524 1885 555 1940 fi
574 1885 746 1941 quando,
779 1883 845 1924 vel
864 1882 1011 1938 quoties
1033 1881 1190 1921 veniret.
1254 1877 1333 1919 Sed
1356 1892 1402 1919 ex
1427 1879 1510 1919 hoc
1536 1877 1623 1935 ipso
1639 1909 1648 1927 2
1681 1875 1797 1933 quod

225 1952 444 2009 optativus
467 1947 586 1990 omni
614 1946 823 2002 temporis
852 1945 1031 1985 notione
1061 1949 1201 1990 caret,
1245 1939 1371 1982 facile
1402 1940 1696 1995 intelligitur,
1736 1940 1799 1980 ni-

225 2012 314 2063 hil,
350 2008 425 2052 nifi
454 2009 597 2058 usum,
631 2005 814 2056 obstare,
850 2007 958 2063 quin
988 2003 1142 2051 eodem*
1170 2002 1299 2043 modo
1321 2003 1451 2042 etiam
1487 2002 1530 2043 in
1561 2003 1798 2059 praesenti-

226 2074 305 2116 bus
327 2083 372 2115 et
403 2072 564 2114 futuris
600 2069 849 2126 usurpetur.
916 2064 1058 2108 Restat
1089 2064 1169 2107 alia
1201 2063 1341 2105 adhuc
1377 2062 1644 2105 conditionis
1680 2073 1799 2105 nota·

227 2136 305 2178 tio.
369 2136 485 2184 Quas
522 2135 637 2175 enirn
673 2132 880 2174 hactenus
909 2127 1117 2177 vidimus,
1151 2139 1299 2167 earum
1332 2126 1473 2182 prima
1502 2126 1545 2166 in
1578 2127 1649 2173 iis,
1687 2133 1815 2181 quae·

226 2207 346 2239 certa
375 2197 494 2248 sunt,
529 2193 799 2242 versabatur,
832 2190 904 2233 cui
934 2186 1166 2232 destinatus
1197 2184 1255 2228 est
1281 2187 1568 2240 indicativus3
1616 2185 1800 2229 secunda

227 2266 319 2300 erat
349 2272 526 2312 eorum,
562 2271 669 2314 quae
696 2253 833 2296 fintne
864 2267 915 2294 an
949 2248 1155 2303 nonfi'nt,
1190 2249 1381 2292 nondum
1405 2248 1583 2298 scimus,
1616 2251 1687 2290 cui
1716 2249 1797 2294 ser-

225 2312 650 2370 vitsconiuncti‘vus3‘
678 2317 806 2359 tertia
826 2311 1078 2357 continebat
1099 2327 1170 2364 ea,
1204 2326 1314 2369 quae
1333 2308 1419 2353 {ive
1446 2309 1568 2363 sunt,
1606 2308 1686 2352 five
1710 2324 1797 2352 non

1686 2371 1799 2427 funt,
1854 2370 1857 2373 ’
